@Book{xie2015,
  title = {Dynamic Documents with {R} and knitr},
  author = {Yihui Xie},
  publisher = {Chapman and Hall/CRC},
  address = {Boca Raton, Florida},
  year = {2015},
  edition = {2nd},
  note = {ISBN 978-1498716963},
  url = {http://yihui.org/knitr/},
}

@online{linkTulip,
  title = {Tulipanomania, czyli jak cebulki kwiatów wywołały wielki krach na giełdzie},
  publisher = {Historia.org.pl},
  author = {Wojciech Duch},
  year = {2020},
  url = {https://historia.org.pl/2020/04/09/tulipanomania-czyli-jak-cebulki-kwiatow-wywolaly-wielki-krach-na-gieldzie/},
  urldate = {2023-10-15},
}

@online{greatDepressionWiki,
  title = {Wielki kryzys},
  author = {{Wikipedia}},
  year = {2023},
  url = {https://pl.wikipedia.org/wiki/Wielki_kryzys},
  urldate = {2023-10-15},
}

@online{lehmanBros,
  title = {Historia Lehman Brothers. Jakie były przyczyny upadku banku?},
  author = {{Business Insider}},
  year = {2021},
  url = {https://businessinsider.com.pl/gielda/przyczyny-upadku-banku-lehman-brothers/p11peh7},
  urldate = {2023-10-15},
}

@online{stooq,
  author = {{Stooq.pl}},
  year = {2023},
  url = {https://stooq.pl/},
  urldate = {2023-10-15},
}

@online{orlenWiki,
  title = {Orlen},
  author = {{Wikipedia}},
  year = {2023},
  url = {https://pl.wikipedia.org/wiki/Orlen},
  urldate = {2023-11-23},
}
@online{orlenSelf,
  title = {Strona domowa},
  author = {{Orlen}},
  year = {2023},
  url = {https://www.orlen.pl/pl/o-firmie/co-robimy},
  urldate = {2023-11-23},
}